%% This BibTeX bibliography file was created using BibDesk.
%% http://bibdesk.sourceforge.net/

%% Created for Victor at 2017-08-24 12:04:27 -0400 


%% Saved with string encoding Unicode (UTF-8) 

@preamble{ " \newcommand{\noop}[1]{} " } % doesn't do anything, but allows in-progress paper citation


@article{Cullen:2012gu,
	Author = {Cullen, D Kacy and Tang-Schomer, Min D and Struzyna, Laura A and Patel, Ankur R and Johnson, Victoria E and Wolf, John A and Smith, Douglas H},
	Date-Added = {2017-08-24 16:04:22 +0000},
	Date-Modified = {2017-08-24 16:04:22 +0000},
	Journal = {Tissue Engineering Part A},
	Month = nov,
	Number = {21-22},
	Pages = {2280--2289},
	Title = {{Microtissue Engineered Constructs with Living Axons for Targeted Nervous System Reconstruction}},
	Volume = {18},
	Year = {2012}}

@article{Kallakuri:2012ib,
	Author = {Kallakuri, Srinivasu},
	Date-Added = {2017-08-24 15:58:02 +0000},
	Date-Modified = {2017-08-24 15:58:02 +0000},
	Journal = {World Journal of Orthopedics},
	Number = {2},
	Pages = {10--5},
	Title = {{Innervation of cervical ventral facet joint capsule: Histological evidence}},
	Volume = {3},
	Year = {2012}}

@article{Khalsa:CKPnLlfY,
	Author = {Khalsa, P S and Hoffman, A H and Grigg, P},
	Date-Added = {2017-08-24 15:58:02 +0000},
	Date-Modified = {2017-08-24 15:59:06 +0000},
	Journal = {Journal of neurophysiology},
	Month = jul,
	Number = {1},
	Pages = {175--187},
	Title = {{Mechanical states encoded by stretch-sensitive neurons in feline joint capsule}},
	Volume = {76},
	Year = {1996}}

@article{Zhang2017S,
	Author = {Zhang, Sijia and Singh, S and Winkelstein, Beth A},
	Date-Added = {2017-08-24 15:53:33 +0000},
	Date-Modified = {2017-08-24 15:55:02 +0000},
	Journal = {J Orthop Res. },
	Title = {Collagen organization regulates stretch-initiated pain-related neuronal signals in vitro: Implications for structure-function relationships in innervated ligaments},
	Year = {2017}}

@article{Schultz1984RA,
	Author = {Schultz, R. A. and Miller, D. C. and Kerr, C. S. and Micheli, L},
	Date-Added = {2017-08-24 15:49:40 +0000},
	Date-Modified = {2017-08-24 15:51:02 +0000},
	Journal = {Journal of Bone and Joint Surgery - American Volume},
	Title = {Mechanoreceptors in human cruciate ligaments. A histological study},
	Year = {1984}}

@article{McLain1998RF,
	Author = {McLain, R. F. and Pickar, J. G.},
	Date-Added = {2017-08-24 15:44:40 +0000},
	Date-Modified = {2017-08-24 15:45:59 +0000},
	Journal = {Spine},
	Number = {2},
	Pages = {168-173},
	Title = {Mechanoreceptor endings in human thoracic and lumbar facet joints},
	Volume = {23},
	Year = {1998}}

@book{Fung1993,
	Author = {Fung, Yuan-Cheng},
	Date-Added = {2017-08-24 14:48:43 +0000},
	Date-Modified = {2017-08-24 14:51:55 +0000},
	Edition = {2nd},
	Publisher = {Springer-Verlag New York},
	Title = {Biomechanics},
	Year = {1993}}

@article{Hashin:1962tm,
	Author = {Hashin, Z},
	Date-Added = {2017-08-22 15:07:26 +0000},
	Date-Modified = {2017-08-22 15:08:40 +0000},
	Journal = {Journal of Applied Mechanics},
	Pages = {143-150},
	Title = {{The elastic moduli of heterogeneous materials}},
	Volume = {29(1)},
	Year = {1962}}

@article{Humphrey:2002ga,
	Author = {Humphrey, J D and Rajagopal, K R},
	Date-Added = {2017-08-22 14:59:35 +0000},
	Date-Modified = {2017-08-22 14:59:35 +0000},
	Journal = {Mathematical models and methods {\ldots}},
	Number = {03},
	Pages = {407--430},
	Title = {{A constrained mixture model for growth and remodeling of soft tissues}},
	Volume = {12},
	Year = {2002}}

@article{Marquez:2006gv,
	Author = {Marquez, J Pablo and Genin, Guy M and Pryse, Kenneth M and Elson, Elliot L},
	Date-Added = {2017-08-22 14:59:35 +0000},
	Date-Modified = {2017-08-22 14:59:35 +0000},
	Journal = {Annals of Biomedical Engineering},
	Month = jul,
	Number = {9},
	Pages = {1475--1482},
	Title = {{Cellular and Matrix Contributions to Tissue Construct Stiffness Increase with Cellular Concentration}},
	Volume = {34},
	Year = {2006}}

@book{Whitaker-1999,
	Author = {Whitaker, Stephen},
	Date-Added = {2017-08-21 13:39:14 +0000},
	Date-Modified = {2017-08-21 13:42:17 +0000},
	Publisher = {Springer},
	Title = {The Method of Volume Averaging},
	Year = {1999}}

@article{Delalondre:2010kt,
	Author = {Delalondre, Fabien and Smith, Cameron and Shephard, Mark S},
	Date-Added = {2017-07-03 16:32:53 +0000},
	Date-Modified = {2017-07-03 16:32:53 +0000},
	Journal = {Computer Methods in Applied Mechanics and Engineering},
	Month = apr,
	Number = {21-22},
	Pages = {1352--1370},
	Title = {{Collaborative software infrastructure for adaptive multiple model simulation}},
	Volume = {199},
	Year = {2010}}

@article{Fletcher:2010ku,
	Author = {Fletcher, D A and Mullins, R D},
	Date-Added = {2017-06-27 02:44:56 +0000},
	Date-Modified = {2017-06-27 02:44:56 +0000},
	Journal = {Nature},
	Title = {{Cell mechanics and the cytoskeleton}},
	Year = {2010}}

@article{Lorensen:1987vr,
	Author = {Lorensen, W},
	Date-Added = {2017-06-26 20:17:56 +0000},
	Date-Modified = {2017-06-26 20:17:56 +0000},
	Journal = {ACM Siggraph Computer Graphics},
	Title = {{Marching cubes: A high resolution 3D surface construction algorithm}},
	Year = {1987}}

@article{Eppell:2006hh,
	Author = {Eppell, S J and Smith, B N and Kahn, H and Ballarini, R},
	Date-Added = {2017-06-26 15:32:47 +0000},
	Date-Modified = {2017-06-26 15:32:47 +0000},
	Journal = {Journal of The Royal Society Interface},
	Month = feb,
	Number = {6},
	Pages = {117--121},
	Title = {{Nano measurements with micro-devices: mechanical properties of hydrated collagen fibrils}},
	Volume = {3},
	Year = {2006}}

@article{Svensson:2010fr,
	Author = {Svensson, Ren{\'e} B and Hassenkam, Tue and Hansen, Philip and Magnusson, S Peter},
	Date-Added = {2017-06-26 15:32:47 +0000},
	Date-Modified = {2017-06-26 15:32:47 +0000},
	Journal = {Journal of the Mechanical Behavior of Biomedical Materials},
	Month = jan,
	Number = {1},
	Pages = {112--115},
	Title = {{Viscoelastic behavior of discrete human collagen fibrils}},
	Volume = {3},
	Year = {2010}}

@article{Klaas:2013ug,
	Author = {Klaas, O and Beall, M W and Shephard, M S},
	Date-Added = {2017-06-26 15:32:47 +0000},
	Date-Modified = {2017-06-26 15:35:07 +0000},
	Journal = {Image-Based Geometric Modeling and Mesh Generation},
	Pages = {171-193},
	Title = {{Construction of models and meshes of heterogeneous material microstructures from image data}},
	Volume = {3},
	Year = {2013}}

@article{Schneider:2012dw,
	Author = {Schneider, Caroline A and Rasband, Wayne S and Eliceiri, Kevin W},
	Date-Added = {2017-06-16 17:50:17 +0000},
	Date-Modified = {2017-06-16 17:50:17 +0000},
	Journal = {Nature Methods},
	Month = jul,
	Number = {7},
	Pages = {671--675},
	Title = {{NIH Image to ImageJ: 25 years of image analysis}},
	Volume = {9},
	Year = {2012}}

@conference{Klaas_conference,
	Author = {Klass Ottmar, Beall Mark W., Shephard Mark S.},
	Booktitle = {Proc. NAFEMS Americas Conference 2014},
	Date-Added = {2017-06-02 15:46:43 +0000},
	Date-Modified = {2017-06-02 15:47:45 +0000},
	Title = {Generation of Geometric Models and Meshes from Segmented Data},
	Year = {2014}}

@article{Quinn:2009bf,
	Author = {Quinn, Kyle P and Winkelstein, Beth A},
	Date-Added = {2017-05-29 23:04:33 +0000},
	Date-Modified = {2017-05-29 23:04:33 +0000},
	Journal = {Journal of Biomedical Optics},
	Number = {5},
	Pages = {054010--10},
	Title = {{Vector correlation technique for pixel-wise detection of collagen fiber realignment during injurious tensile loading}},
	Volume = {14},
	Year = {2009}}

@webpage{simmetrix,
	Date-Added = {2017-05-29 19:29:51 +0000},
	Date-Modified = {2017-08-22 15:31:27 +0000},
	Title = {Simmetrix},
	Url = {http://www.simmetrix.com},
	Year = {2017},
	Bdsk-Url-1 = {http://www.simmetrix.com}}

@article{Shephard:2000vc,
	Author = {Shephard, M S},
	Date-Added = {2017-05-29 19:29:39 +0000},
	Date-Modified = {2017-05-29 19:33:49 +0000},
	Journal = {International Journal for Numerical Methods in Engineering},
	Pages = {169-190},
	Title = {{Meshing environment for geometry-based analysis}},
	Volume = {47},
	Year = {2000}}

@article{Vader:2009js,
	Author = {Vader, David and Kabla, Alexandre and Weitz, David and Mahadevan, Lakshminarayana},
	Date-Added = {2017-05-25 20:15:43 +0000},
	Date-Modified = {2017-05-25 20:15:43 +0000},
	Journal = {Plos One},
	Month = jun,
	Number = {6},
	Pages = {e5902--12},
	Title = {{Strain-Induced Alignment in Collagen Gels}},
	Volume = {4},
	Year = {2009}}

@article{Barocas:2007gk,
	Author = {Barocas, Victor H},
	Date-Added = {2017-05-22 18:54:11 +0000},
	Date-Modified = {2017-05-22 18:54:11 +0000},
	Journal = {Journal of Biomechanical Engineering},
	Month = aug,
	Number = {4},
	Pages = {611--8},
	Title = {{Multiscale, Structure-Based Modeling for the Elastic Mechanical Behavior of Arterial Walls}},
	Volume = {129},
	Year = {2007}}

@article{Lake:2012jm,
	Author = {Lake, Spencer P and Hadi, Mohammad F and Lai, Victor K and Barocas, Victor H},
	Date-Added = {2017-05-22 18:54:11 +0000},
	Date-Modified = {2017-05-22 18:54:11 +0000},
	Journal = {Annals of Biomedical Engineering},
	Month = may,
	Number = {10},
	Pages = {2111--2121},
	Title = {{Mechanics of a Fiber Network Within a Non-Fibrillar Matrix: Model and Comparison with Collagen-Agarose Co-gels}},
	Volume = {40},
	Year = {2012}}

@article{Lai:2012ji,
	Author = {Lai, Victor K and Lake, Spencer P and Frey, Christina R and Tranquillo, Robert T and Barocas, Victor H},
	Date-Added = {2017-05-22 18:50:47 +0000},
	Date-Modified = {2017-05-22 18:50:47 +0000},
	Journal = {Journal of Biomechanical Engineering},
	Month = feb,
	Number = {1},
	Pages = {011004--19},
	Title = {{Mechanical Behavior of Collagen-Fibrin Co-Gels Reflects Transition From Series to Parallel Interactions With Increasing Collagen Content}},
	Volume = {134},
	Year = {2012}}

@article{Tower:2002hk,
	Author = {Tower, T T and Neidert, M R and Tranquillo, R T},
	Date-Added = {2017-05-22 18:12:03 +0000},
	Date-Modified = {2017-05-22 18:12:03 +0000},
	Journal = {Annals of Biomedical Engineering},
	Number = {10},
	Pages = {1221--1233},
	Title = {{Fiber alignment imaging during mechanical testing of soft tissues}},
	Volume = {30},
	Year = {2002}}

@article{Luo:2008kd,
	Author = {Luo, Xiao-Juan and Stylianopoulos, Triantafyllos and Barocas, Victor H and Shephard, Mark S},
	Date-Added = {2017-05-22 18:12:03 +0000},
	Date-Modified = {2017-05-22 18:12:03 +0000},
	Journal = {Engineering with Computers},
	Month = sep,
	Number = {1},
	Pages = {87--95},
	Title = {{Multiscale computation for bioartificial soft tissues with complex geometries}},
	Volume = {25},
	Year = {2008}}

@article{Quinn:2008df,
	Author = {Quinn, Kyle P and Winkelstein, Beth A},
	Date-Added = {2017-05-22 18:12:03 +0000},
	Date-Modified = {2017-05-22 18:12:03 +0000},
	Journal = {Journal of Applied Physiology},
	Month = dec,
	Number = {6},
	Pages = {1881--1888},
	Title = {{Altered collagen fiber kinematics define the onset of localized ligament damage during loading}},
	Volume = {105},
	Year = {2008}}

@article{Lindstrom:2013gd,
	Author = {Lindstr{\"o}m, Stefan B and Kulachenko, Artem and Jawerth, Louise M and Vader, David A},
	Date-Added = {2017-05-22 18:12:03 +0000},
	Date-Modified = {2017-05-22 18:12:03 +0000},
	Journal = {Soft Matter},
	Number = {30},
	Pages = {7302--12},
	Title = {{Finite-strain, finite-size mechanics of rigidly cross-linked biopolymer networks}},
	Volume = {9},
	Year = {2013}}

@article{Dutov:2016gu,
	Author = {Dutov, Pavel and Antipova, Olga and Varma, Sameer and Orgel, Joseph P R O and Schieber, Jay D},
	Date-Added = {2017-05-22 18:12:03 +0000},
	Date-Modified = {2017-05-22 18:12:03 +0000},
	Journal = {Plos One},
	Number = {1},
	Title = {{Measurement of Elastic Modulus of Collagen Type I Single Fiber}},
	Volume = {11},
	Year = {2016}}

@book{JavierBonet:2008uxa,
	Author = {Bonet, Javier and Wood D, Richard},
	Date-Added = {2017-05-22 17:46:56 +0000},
	Date-Modified = {2017-08-21 13:45:13 +0000},
	Edition = {2nd},
	Publisher = {Cambridge University Press},
	Title = {{Nonlinear Continuum Mechanics for Finite Element Analysis}},
	Year = {2008}}

@article{Bonet:1998vc,
	Author = {Bonet, J and Burton, A J},
	Date-Added = {2017-05-22 17:44:44 +0000},
	Date-Modified = {2017-05-22 17:44:44 +0000},
	Journal = {Computer Methods in Applied Mechanics and Engineering},
	Number = {1-4},
	Pages = {151--164},
	Title = {{A simple orthotropic, transversely isotropic hyperelastic constitutive equation for large strain computations}},
	Volume = {162},
	Year = {1998}}

@article{Peter:2012fc,
	Author = {Peter, Stephen J and Mofrad, Mohammad R K},
	Date-Added = {2017-05-22 17:41:31 +0000},
	Date-Modified = {2017-05-22 17:41:31 +0000},
	Journal = {Biophysical Journal},
	Number = {4},
	Pages = {749--757},
	Title = {{Computational Modeling of Axonal Microtubule Bundles under Tension}},
	Volume = {102},
	Year = {2012}}

@article{Simon:2016ig,
	Author = {Simon, Marc and Dokukin, Maxim and Kalaparthi, Vivekanand and Spedden, Elise and Sokolov, Igor and Staii, Cristian},
	Date-Added = {2017-05-22 17:41:31 +0000},
	Date-Modified = {2017-05-22 17:41:31 +0000},
	Journal = {Langmuir},
	Month = feb,
	Number = {4},
	Pages = {1111--1119},
	Title = {{Load Rate and Temperature Dependent Mechanical Properties of the Cortical Neuron and Its Pericellular Layer Measured by Atomic Force Microscopy}},
	Volume = {32},
	Year = {2016}}

@article{Lai:2013fp,
	Author = {Lai, Victor K and Hadi, Mohammad F and Tranquillo, Robert T and Barocas, Victor H},
	Date-Added = {2017-05-22 15:37:00 +0000},
	Date-Modified = {2017-05-22 15:37:00 +0000},
	Journal = {Journal of Biomechanical Engineering},
	Month = jul,
	Number = {7},
	Pages = {071007},
	Title = {{A Multiscale Approach to Modeling the Passive Mechanical Contribution of Cells in Tissues}},
	Volume = {135},
	Year = {2013}}

@article{Chandran:2007hy,
	Author = {Chandran, Preethi L and Barocas, Victor H},
	Date-Added = {2017-05-22 15:35:22 +0000},
	Date-Modified = {2017-05-22 15:35:22 +0000},
	Journal = {Journal of Biomechanical Engineering},
	Number = {2},
	Pages = {137--11},
	Title = {{Deterministic Material-Based Averaging Theory Model of Collagen Gel Micromechanics}},
	Volume = {129},
	Year = {2007}}

@article{Stylianopoulos:2007dp,
	Author = {Stylianopoulos, Triantafyllos and Barocas, Victor H},
	Date-Added = {2017-05-22 15:35:22 +0000},
	Date-Modified = {2017-05-22 15:35:22 +0000},
	Journal = {Computer Methods in Applied Mechanics and Engineering},
	Month = jun,
	Number = {31-32},
	Pages = {2981--2990},
	Title = {{Volume-averaging theory for the study of the mechanics of collagen networks}},
	Volume = {196},
	Year = {2007}}

@article{Zhang:2016ga,
	Author = {Zhang, Sijia and Cao, Xuan and Stablow, Alec M and Shenoy, Vivek B and Winkelstein, Beth A},
	Journal = {Journal of Biomechanical Engineering},
	Month = feb,
	Number = {2},
	Pages = {021013--12},
	Title = {{Tissue Strain Reorganizes Collagen With a Switchlike Response That Regulates Neuronal Extracellular Signal-Regulated Kinase Phosphorylation In Vitro: Implications for Ligamentous Injury and Mechanotransduction}},
	Volume = {138},
	Year = {2016}}
	
@article{Tobin:2017ip,
	Author = {Tobin, William R and Chan, Victor W L and Picu, Catalin R and Barocas, Victor H and Shephard, Mark S},
	Title = {The Adaptive Multiscale Simulation Infrastructure - Methods and Soft Tissue Example Simulation},
    Year = {\noop{2017} in preperation},
    Journal = {\noop{SIAM Journal on Scientific Computation}}}
