%% This BibTeX bibliography file was created using BibDesk.
%% http://bibdesk.sourceforge.net/


%% Created for Victor Chan at 2017-01-23 15:16:36 -0500 


%% Saved with string encoding Unicode (UTF-8) 



@article{Bonet:1998vc,
	Author = {Bonet, J and Burton, A J},
	Date-Added = {2017-01-23 20:16:32 +0000},
	Date-Modified = {2017-01-23 20:16:32 +0000},
	Journal = {Computer Methods in Applied Mechanics and Engineering},
	Number = {1-4},
	Pages = {151--164},
	Title = {{A simple orthotropic, transversely isotropic hyperelastic constitutive equation for large strain computations}},
	Volume = {162},
	Year = {1998}}

@article{Lai:2013fp,
	Author = {Lai, Victor K and Hadi, Mohammad F and Tranquillo, Robert T and Barocas, Victor H},
	Date-Added = {2016-04-22 15:49:40 +0000},
	Date-Modified = {2016-04-22 15:49:40 +0000},
	Journal = {Journal of Biomechanical Engineering},
	Month = jul,
	Number = {7},
	Pages = {071007},
	Title = {{A Multiscale Approach to Modeling the Passive Mechanical Contribution of Cells in Tissues}},
	Volume = {135},
	Year = {2013}}

@article{Hirota:2000jw,
	Author = {Hirota, G and Maheshwari, R and Lin, M C},
	Date-Added = {2016-04-21 20:13:34 +0000},
	Date-Modified = {2016-04-21 20:13:34 +0000},
	Journal = {Computer-Aided Design},
	Number = {8-9},
	Pages = {499--512},
	Title = {{Fast volume-preserving free-form deformation using multi-level optimization}},
	Volume = {32},
	Year = {2000}}

@book{Belytschko:2013tz,
	Author = {Belytschko, Ted},
	Date-Added = {2016-04-21 20:13:34 +0000},
	Date-Modified = {2016-04-21 20:20:37 +0000},
	Edition = {2nd},
	Month = oct,
	Pages = {1--834},
	Publisher = {John Wiley and Sons, Ltd},
	Title = {{Nonlinear Finite Elements for Continua and Structures}},
	Year = {2014}}

@book{JavierBonet:2008uxa,
	Author = {Javier Bonet and Richard D Wood},
	Date-Added = {2016-04-19 19:32:08 +0000},
	Date-Modified = {2016-04-21 19:14:51 +0000},
	Edition = {2nd},
	Month = jan,
	Pages = {1--340},
	Publisher = {Cambridge University Press},
	Title = {{Nonlinear Continuum Mechanics for Finite Element Analysis}},
	Year = {2008}}

@article{Chandran:2007hy,
	Author = {Chandran, Preethi L and Barocas, Victor H},
	Journal = {Journal of Biomechanical Engineering},
	Number = {2},
	Pages = {137--11},
	Title = {{Deterministic Material-Based Averaging Theory Model of Collagen Gel Micromechanics}},
	Volume = {129},
	Year = {2007}}

@article{Stylianopoulos:2007dp,
	Author = {Stylianopoulos, Triantafyllos and Barocas, Victor H},
	Journal = {Computer Methods in Applied Mechanics and Engineering},
	Month = jun,
	Number = {31-32},
	Pages = {2981--2990},
	Title = {{Volume-averaging theory for the study of the mechanics of collagen networks}},
	Volume = {196},
	Year = {2007}}
