wtobin@mastermind.scorec.rpi.edu.11089:1445644511